% refs.bib
@article{menabrea_sketch_1842,
        series = {Scientific Memoirs},
        title = {Sketch of The Analytical Engine Invented by Charles Babbage},
        volume = {3},
        journal = {Taylor's Scientific Memoirs},
        author = {Menabrea, L. F.},
        month = oct,
        year = {1842},
        pages = {666--731}
}
